<record><leader>00000cas a22000007a 4500</leader><controlfield tag="001">15725387</controlfield><controlfield tag="008">870522d18951928iauwr ne      0    0eng d</controlfield><datafield ind1=" " ind2=" " tag="010"><subfield code="a">sn 87058235 </subfield></datafield><datafield ind1=" " ind2=" " tag="040"><subfield code="a">INP</subfield><subfield code="b">eng</subfield><subfield code="c">INP</subfield><subfield code="d">OCLCQ</subfield></datafield><datafield ind1=" " ind2=" " tag="042"><subfield code="a">msc</subfield></datafield><datafield ind1="0" ind2=" " tag="130"><subfield code="a">Decorah public opinion (Decorah, Iowa : 1895)</subfield></datafield><datafield ind1="1" ind2="0" tag="245"><subfield code="a">Decorah public opinion.</subfield></datafield><datafield ind1="1" ind2="3" tag="246"><subfield code="a">Public opinion</subfield></datafield><datafield ind1=" " ind2=" " tag="260"><subfield code="a">Decorah, Winneshiek County [Iowa] :</subfield><subfield code="b">Fred L. Akers,</subfield><subfield code="c">1895-1928.</subfield></datafield><datafield ind1=" " ind2=" " tag="300"><subfield code="a">34 v.</subfield></datafield><datafield ind1=" " ind2=" " tag="310"><subfield code="a">Weekly</subfield></datafield><datafield ind1="0" ind2=" " tag="362"><subfield code="a">Vol. 1, no. 30 (Oct. 4, 1895)-v. 34, no. 52 (Dec. 26, 1928).</subfield></datafield><datafield ind1=" " ind2=" " tag="500"><subfield code="a">Publisher varies.</subfield></datafield><datafield ind1=" " ind2=" " tag="752"><subfield code="a">United States</subfield><subfield code="b">Iowa</subfield><subfield code="c">Winneshiek</subfield><subfield code="d">Decorah.</subfield></datafield><datafield ind1="0" ind2="0" tag="780"><subfield code="t">Cresco public opinion</subfield><subfield code="w">(DLC)sn 87058234</subfield></datafield><datafield ind1="0" ind2="7" tag="785"><subfield code="t">Decorah Republican</subfield><subfield code="w">(DLC)sn 83025197</subfield></datafield><datafield ind1="0" ind2="7" tag="785"><subfield code="t">Decorah public opinion and Decorah Republican</subfield><subfield code="w">(DLC)sn 87058056</subfield></datafield></record>